%%% ====================================================================
%%%  BibTeX-file{
%%%     author          = "Gerry Murray",
%%%     version         = "1.2",
%%%     date            = "2 April 2012",
%%%     filename        = "acmsmall-sample-bibfile.bib",
%%%     address         = "ACM, NY",
%%%     email           = "murray at hq.acm.org",
%%%     codetable       = "ISO/ASCII",
%%%     keywords        = "ACM Reference Format, bibliography, citation, references",
%%%     supported       = "yes",
%%%     docstring       = "This BibTeX database file contains 'bibdata' entries
%%%                        that 'match' the examples provided in the Specifications Document
%%%                        AND, also, 'legacy'-type bibs. It should assist authors in
%%%                        choosing the 'correct' at-bibtype and necessary bib-fields
%%%                        so as to obtain the appropriate ACM Reference Format output.
%%%                        It also contains many 'Standard Abbreviations'. "
%%%  }
%%% ====================================================================

% https://truben.no/latex/bibtex/

@ARTICLE {REF1,
    author = "Alia Crocker",
    title  = "How to Make Sure Agile Teams Can Work Together",
    month  = "May",
    year   = "2018",
    url    = "https://hbr.org/2018/05/how-to-make-sure-agile-teams-can-work-together"
}

@ONLINE {REF2,
    title = "Collaboration Across Agile Teams",
    month = "December",
    year = "2018",
    url   = "https://tech.gsa.gov/guides/Collaboration_Across_Agile_Teams/"
}

@ONLINE {REF3,
    title = "An Agile Approach to Software Architecture",
    month = "June",
    year = "2017",
    url   = "https://www.agileconnection.com/article/agile-approach-software-architecture/"
}

@ONLINE {REF4,
    title = "Agile Design",
    month = "May",
    year = "2018",
    url   = "https://www.atlassian.com/agile/design/"
}






